<?xml version="1.0" encoding="UTF-8"?><record xmlns="http://www.loc.gov/MARC21/slim" xmlns:cinclude="http://apache.org/cocoon/include/1.0" xmlns:zs="http://www.loc.gov/zing/srw/">
  <leader>00456nz  a2200133n  4500</leader>
  <controlfield tag="001">nr2006011618</controlfield>
  <controlfield tag="003">DLC</controlfield>
  <controlfield tag="005">20060430033113.0</controlfield>
  <controlfield tag="008">060428n| acannaabn          |n aaa     c</controlfield>
  <datafield tag="010" ind1=" " ind2=" ">
    <subfield code="a">nr2006011618</subfield>
  </datafield>
  <datafield tag="040" ind1=" " ind2=" ">
    <subfield code="a">UkOxU</subfield>
    <subfield code="b">eng</subfield>
    <subfield code="c">UkOxU</subfield>
  </datafield>
  <datafield tag="100" ind1="1" ind2=" ">
    <subfield code="a">Gunton, Simon,</subfield>
    <subfield code="d">1965-</subfield>
  </datafield>
  <datafield tag="670" ind1=" " ind2=" ">
    <subfield code="a">Making music, 2005:</subfield>
    <subfield code="b">t.p. (Simon Gunton) p. 4 of cover (classical trombonist and bass trumpet player)</subfield>
  </datafield>
  <datafield tag="670" ind1=" " ind2=" ">
    <subfield code="a">Email from author, Apr. 29, 2006</subfield>
    <subfield code="b">(Simon John Gunton; b. Aug. 11, 1965)</subfield>
  </datafield>
</record>